@incollection {MR2405677,
    AUTHOR = {Bandelt, Hans-J\"{u}rgen and Chepoi, Victor},
     TITLE = {Metric graph theory and geometry: a survey},
 BOOKTITLE = {Surveys on discrete and computational geometry},
    SERIES = {Contemp. Math.},
    VOLUME = {453},
     PAGES = {49--86},
 PUBLISHER = {Amer. Math. Soc., Providence, RI},
      YEAR = {2008},
   MRCLASS = {05C12 (05C62 51K05 52-02 54E35)},
  MRNUMBER = {2405677},
MRREVIEWER = {Mikhail Ostrovskii},
       DOI = {10.1090/conm/453/08795},
       URL = {https://doi.org/10.1090/conm/453/08795},
}

@book {MR2415834,
    AUTHOR = {Bekka, Bachir and de la Harpe, Pierre and Valette, Alain},
     TITLE = {Kazhdan's property ({T})},
    SERIES = {New Mathematical Monographs},
    VOLUME = {11},
 PUBLISHER = {Cambridge University Press, Cambridge},
      YEAR = {2008},
     PAGES = {xiv+472},
      ISBN = {978-0-521-88720-5},
   MRCLASS = {22-02 (22E40 28D15 37A15 43A07 43A35)},
  MRNUMBER = {2415834},
MRREVIEWER = {Markus Neuhauser},
       DOI = {10.1017/CBO9780511542749},
       URL = {https://doi.org/10.1017/CBO9780511542749},
}

@article {MR2978328,
    AUTHOR = {Bourdon, Marc},
     TITLE = {Un th\'{e}or\`eme de point fixe sur les espaces {$L^p$}},
   JOURNAL = {Publ. Mat.},
  FJOURNAL = {Publicacions Matem\`atiques},
    VOLUME = {56},
      YEAR = {2012},
    NUMBER = {2},
     PAGES = {375--392},
      ISSN = {0214-1493},
   MRCLASS = {31C45 (47H10)},
  MRNUMBER = {2978328},
MRREVIEWER = {Rafael Oswaldo Ruggiero},
       DOI = {10.5565/PUBLMAT\_56212\_05},
       URL = {https://doi.org/10.5565/PUBLMAT_56212_05},
}

@article {MR2137870,
    AUTHOR = {Brown, Nathanial and Guentner, Erik},
     TITLE = {Uniform embeddings of bounded geometry spaces into reflexive
              {B}anach space},
   JOURNAL = {Proc. Amer. Math. Soc.},
  FJOURNAL = {Proceedings of the American Mathematical Society},
    VOLUME = {133},
      YEAR = {2005},
    NUMBER = {7},
     PAGES = {2045--2050},
      ISSN = {0002-9939},
   MRCLASS = {57R67 (19J25 19K35 46B07 46T99)},
  MRNUMBER = {2137870},
MRREVIEWER = {Jean-Louis Tu},
       DOI = {10.1090/S0002-9939-05-07721-X},
       URL = {https://doi.org/10.1090/S0002-9939-05-07721-X},
}

@article {MR2671183,
    AUTHOR = {Chatterji, Indira and Dru\c{t}u, Cornelia and Haglund, Fr\'{e}d\'{e}ric},
     TITLE = {Kazhdan and {H}aagerup properties from the median viewpoint},
   JOURNAL = {Adv. Math.},
  FJOURNAL = {Advances in Mathematics},
    VOLUME = {225},
      YEAR = {2010},
    NUMBER = {2},
     PAGES = {882--921},
      ISSN = {0001-8708},
   MRCLASS = {20F65 (20F50 20F67 46B04)},
  MRNUMBER = {2671183},
MRREVIEWER = {Alain Valette},
       DOI = {10.1016/j.aim.2010.03.012},
       URL = {https://doi.org/10.1016/j.aim.2010.03.012},
}

@article {MR2106770,
    AUTHOR = {Cherix, Pierre-Alain and Martin, Florian and Valette, Alain},
     TITLE = {Spaces with measured walls, the {H}aagerup property and
              property ({T})},
   JOURNAL = {Ergodic Theory Dynam. Systems},
  FJOURNAL = {Ergodic Theory and Dynamical Systems},
    VOLUME = {24},
      YEAR = {2004},
    NUMBER = {6},
     PAGES = {1895--1908},
      ISSN = {0143-3857},
   MRCLASS = {22D05 (37A15)},
  MRNUMBER = {2106770},
MRREVIEWER = {A. Morimoto},
       DOI = {10.1017/S0143385704000185},
       URL = {https://doi.org/10.1017/S0143385704000185},
}

@article {MR2240370,
    AUTHOR = {Cornulier, Yves},
     TITLE = {Strongly bounded groups and infinite powers of finite groups},
   JOURNAL = {Comm. Algebra},
  FJOURNAL = {Communications in Algebra},
    VOLUME = {34},
      YEAR = {2006},
    NUMBER = {7},
     PAGES = {2337--2345},
      ISSN = {0092-7872},
   MRCLASS = {20F65 (06E10)},
  MRNUMBER = {2240370},
MRREVIEWER = {Piotr W. Nowak},
       DOI = {10.1080/00927870600550194},
       URL = {https://doi.org/10.1080/00927870600550194},
}

@ARTICLE{Cornulier2013,
       author = {Cornulier, Yves},
        title = "{Group actions with commensurated subsets, wallings and cubings}",
      journal = {arXiv e-prints},
     keywords = {Mathematics - Group Theory, Mathematics - Geometric Topology, Primary 20F65, Secondary 20B25, 05C12, 20B27, 20E22},
         year = 2013,
        month = feb,
          eid = {arXiv:1302.5982},
        pages = {arXiv:1302.5982},
archivePrefix = {arXiv},
       eprint = {1302.5982},
 primaryClass = {math.GR}
}

@article {MR3299841,
    AUTHOR = {Cornulier, Yves},
     TITLE = {Irreducible lattices, invariant means, and commensurating
              actions},
   JOURNAL = {Math. Z.},
  FJOURNAL = {Mathematische Zeitschrift},
    VOLUME = {279},
      YEAR = {2015},
    NUMBER = {1-2},
     PAGES = {1--26},
      ISSN = {0025-5874},
   MRCLASS = {43A07 (22E40)},
  MRNUMBER = {3299841},
MRREVIEWER = {Alain Valette},
       DOI = {10.1007/s00209-014-1355-x},
       URL = {https://doi.org/10.1007/s00209-014-1355-x},
}

@article {MR2764930,
    AUTHOR = {Cornulier, Yves and Kar, Aditi},
     TITLE = {On property ({FA}) for wreath products},
   JOURNAL = {J. Group Theory},
  FJOURNAL = {Journal of Group Theory},
    VOLUME = {14},
      YEAR = {2011},
    NUMBER = {1},
     PAGES = {165--174},
      ISSN = {1433-5883},
   MRCLASS = {20E22 (20E08 20F05)},
  MRNUMBER = {2764930},
MRREVIEWER = {Peter A. Linnell},
       DOI = {10.1515/JGT.2010.044},
       URL = {https://doi.org/10.1515/JGT.2010.044},
}

@ARTICLE{2017arXiv170500834G,
       author = {Genevois, Anthony},
        title = {{L}amplighter groups, median spaces, and {H}ilbertian geometry},
      journal = {arXiv e-prints},
     keywords = {Mathematics - Group Theory, Mathematics - Metric Geometry, 20F65, 20F67, 43A15},
         year = 2021,
        month = jan,
          eid = {arXiv:1705.00834},
        pages = {arXiv:1705.00834},
archivePrefix = {arXiv},
       eprint = {1705.00834},
 primaryClass = {math.GR},
}

@article {MR1663779,
    AUTHOR = {Gerasimov, V.},
     TITLE = {Fixed-point-free actions on cubings [translation of {\it
              {A}lgebra, geometry, analysis and mathematical physics
              ({R}ussian) ({N}ovosibirsk, 1996)}, 91--109, 190, {I}zdat.
              {R}oss. {A}kad. {N}auk {S}ibirsk. {O}tdel. {I}nst. {M}at.,
              {N}ovosibirsk, 1997; {MR}1624115 (99c:20049)]},
   JOURNAL = {Siberian Adv. Math.},
  FJOURNAL = {Siberian Advances in Mathematics},
    VOLUME = {8},
      YEAR = {1998},
    NUMBER = {3},
     PAGES = {36--58},
      ISSN = {1055-1344},
   MRCLASS = {20F32 (57M07)},
  MRNUMBER = {1663779},
}

@article {MR1023471,
    AUTHOR = {de la Harpe, Pierre and Valette, Alain},
     TITLE = {La propri\'{e}t\'{e} {$(T)$} de {K}azhdan pour les groupes localement
              compacts (avec un appendice de {M}arc {B}urger)},
      NOTE = {With an appendix by M. Burger},
   JOURNAL = {Ast\'{e}risque},
  FJOURNAL = {Ast\'{e}risque},
    NUMBER = {175},
      YEAR = {1989},
     PAGES = {158},
      ISSN = {0303-1179},
   MRCLASS = {22-02 (05C99 22D10 22E99 28C10)},
  MRNUMBER = {1023471},
MRREVIEWER = {Michael Cowling},
}











@article {MR2656670,
    AUTHOR = {Nguyen Van Th\'{e}, Lionel and Pestov, Vladimir G.},
     TITLE = {Fixed point-free isometric actions of topological groups on
              {B}anach spaces},
   JOURNAL = {Bull. Belg. Math. Soc. Simon Stevin},
  FJOURNAL = {Bulletin of the Belgian Mathematical Society. Simon Stevin},
    VOLUME = {17},
      YEAR = {2010},
    NUMBER = {1},
     PAGES = {29--51},
      ISSN = {1370-1444},
   MRCLASS = {22A25},
  MRNUMBER = {2656670},
MRREVIEWER = {Alain Valette},
       URL = {http://projecteuclid.org/euclid.bbms/1267798497},
}

@article {MR4119107,
    AUTHOR = {Tessera, Romain and Valette, Alain},
     TITLE = {Locally compact groups with every isometric action bounded or
              proper},
      NOTE = {With an appendix by Corina Ciobotaru},
   JOURNAL = {J. Topol. Anal.},
  FJOURNAL = {Journal of Topology and Analysis},
    VOLUME = {12},
      YEAR = {2020},
    NUMBER = {2},
     PAGES = {267--292},
      ISSN = {1793-5253},
   MRCLASS = {22D12 (22B05 22C05 22E20)},
  MRNUMBER = {4119107},
       DOI = {10.1142/S1793525319500547},
       URL = {https://doi.org/10.1142/S1793525319500547},
}

@incollection {MR3382026,
    AUTHOR = {Nowak, Piotr W.},
     TITLE = {Group actions on {B}anach spaces},
 BOOKTITLE = {Handbook of group actions. {V}ol. {II}},
    SERIES = {Adv. Lect. Math. (ALM)},
    VOLUME = {32},
     PAGES = {121--149},
 PUBLISHER = {Int. Press, Somerville, MA},
      YEAR = {2015},
   MRCLASS = {22D12 (20J06)},
  MRNUMBER = {3382026},
MRREVIEWER = {Bachir Bekka},
}

@article {MR3465847,
    AUTHOR = {Minasyan, Ashot},
     TITLE = {New examples of groups acting on real trees},
   JOURNAL = {J. Topol.},
  FJOURNAL = {Journal of Topology},
    VOLUME = {9},
      YEAR = {2016},
    NUMBER = {1},
     PAGES = {192--214},
      ISSN = {1753-8416},
   MRCLASS = {20E08 (20F06 20F65)},
  MRNUMBER = {3465847},
MRREVIEWER = {Hao Liang},
       DOI = {10.1112/jtopol/jtv035},
       URL = {https://doi.org/10.1112/jtopol/jtv035},
}

@article {MR1705337,
    AUTHOR = {Klav\v{z}ar, Sandi and Mulder, Henry Martyn},
     TITLE = {Median graphs: characterizations, location theory and related
              structures},
   JOURNAL = {J. Combin. Math. Combin. Comput.},
  FJOURNAL = {Journal of Combinatorial Mathematics and Combinatorial
              Computing},
    VOLUME = {30},
      YEAR = {1999},
     PAGES = {103--127},
      ISSN = {0835-3026},
   MRCLASS = {05C12},
  MRNUMBER = {1705337},
MRREVIEWER = {Pranava K. Jha},
}

@book {MR0476875,
    AUTHOR = {Serre, Jean-Pierre},
     TITLE = {Arbres, amalgames, {${\rm SL}_{2}$}},
    SERIES = {Ast\'{e}risque, No. 46},
      NOTE = {Avec un sommaire anglais,
              R\'{e}dig\'{e} avec la collaboration de Hyman Bass},
 PUBLISHER = {Soci\'{e}t\'{e} Math\'{e}matique de France, Paris},
      YEAR = {1977},
     PAGES = {189 pp. (1 plate)},
   MRCLASS = {20H10 (22E40)},
  MRNUMBER = {0476875},
MRREVIEWER = {E. Vinberg},
}

@ARTICLE{LS2020,
       author = {{Leemann}, Paul-Henry and {Schneeberger}, Gr{\'e}goire},
        title = "{Property FW and wreath products of groups: a simple approach using Schreier graphs}",
      journal = {arXiv e-prints},
     keywords = {Mathematics - Group Theory, 20E22 (Primary) 20F65, 05C25 (Secondary)},
         year = 2021,
        month = jan,
          eid = {arXiv:2101.03817},
        pages = {arXiv:2101.03817},
archivePrefix = {arXiv},
       eprint = {2101.03817},
 primaryClass = {math.GR}
}

@article {MR2176470,
    AUTHOR = {Neuhauser, Markus},
     TITLE = {Relative property ({T}) and related properties of wreath
              products},
   JOURNAL = {Math. Z.},
  FJOURNAL = {Mathematische Zeitschrift},
    VOLUME = {251},
      YEAR = {2005},
    NUMBER = {1},
     PAGES = {167--177},
      ISSN = {0025-5874},
   MRCLASS = {20E22 (20F69 22D10 43A35)},
  MRNUMBER = {2176470},
MRREVIEWER = {Alain Valette},
       DOI = {10.1007/s00209-005-0794-9},
       URL = {https://doi.org/10.1007/s00209-005-0794-9},
}