%% This BibTeX bibliography file was created using BibDesk.
%% http://bibdesk.sourceforge.net/

%% Created for Grégoire Schneeberger at 2021-01-06 19:56:32 +0100 


%% Saved with string encoding Unicode (UTF-8) 
@unpublished{LS2021,
        AUTHOR = {Leemann, Paul-Henry and Schneeberger, Grégoire},
         TITLE = {Groups acting with bounded orbits and wreath products},
          YEAR = {In preparation}
}

@article {MR1967888,
    AUTHOR = {Diestel, Reinhard and K\"{u}hn, Daniela},
     TITLE = {Graph-theoretical versus topological ends of graphs},
      NOTE = {Dedicated to Crispin St. J. A. Nash-Williams},
   JOURNAL = {J. Combin. Theory Ser. B},
  FJOURNAL = {Journal of Combinatorial Theory. Series B},
    VOLUME = {87},
      YEAR = {2003},
    NUMBER = {1},
     PAGES = {197--206},
      ISSN = {0095-8956},
   MRCLASS = {05C99 (54F50)},
  MRNUMBER = {1967888},
MRREVIEWER = {Jozef \v{S}ir\'{a}\v{n}},
       DOI = {10.1016/S0095-8956(02)00034-5},
       URL = {https://doi.org/10.1016/S0095-8956(02)00034-5},
}

@article {MR0450121,
    AUTHOR = {Gross, Jonathan L.},
     TITLE = {Every connected regular graph of even degree is a {S}chreier coset graph},
   JOURNAL = {J. Combinatorial Theory Ser. B},
  FJOURNAL = {Journal of Combinatorial Theory. Series B},
    VOLUME = {22},
      YEAR = {1977},
    NUMBER = {3},
     PAGES = {227--232},
   MRCLASS = {05C25},
  MRNUMBER = {0450121},
MRREVIEWER = {A. T. White},
}

@incollection {MR1358635,
    AUTHOR = {Lubotzky, Alexander},
     TITLE = {Cayley graphs: eigenvalues, expanders and random walks},
 BOOKTITLE = {Surveys in combinatorics, 1995 ({S}tirling)},
    SERIES = {London Math. Soc. Lecture Note Ser.},
    VOLUME = {218},
     PAGES = {155--189},
 PUBLISHER = {Cambridge Univ. Press, Cambridge},
      YEAR = {1995},
   MRCLASS = {05C25 (15A18 60J15 68R10)},
  MRNUMBER = {1358635},
MRREVIEWER = {Daniel Ashlock},
       DOI = {10.1017/CBO9780511662096.008},
       URL = {https://doi.org/10.1017/CBO9780511662096.008},
}

@article{Leemann2020,
	abstract = {We prove that every connected locally finite regular graph has a double cover which is isomorphic to a Schreier graph.},
	archiveprefix = {arXiv},
	arxivid = {2010.06431},
	author = {Leemann, Paul-Henry},
	date-added = {2021-01-06 19:55:31 +0100},
	date-modified = {2021-01-06 19:55:31 +0100},
	eprint = {2010.06431},
	file = {::},
	mendeley-groups = {Property{\_}FW{\_}and{\_}wreath{\_}product},
	month = {oct},
	title = {{Up to a double cover, every regular connected graph is isomorphic to a Schreier graph. (arXiv:2010.06431v1 [math.CO])}},
	url = {http://arxiv.org/abs/2010.06431},
	year = {2020},
	Bdsk-Url-1 = {http://arxiv.org/abs/2010.06431}}

@book{Lubotzky2010,
	annote = {With an appendix by Jonathan D. Rogawski,
Reprint of the 1994 edition},
	author = {Lubotzky, Alexander},
	date-added = {2021-01-06 19:52:47 +0100},
	date-modified = {2021-01-06 19:53:06 +0100},
	doi = {10.1007/978-3-0346-0332-4},
	file = {:Users/gregoireschneeberger/Dropbox/Math/0{\_}Mendeley/Lubotzky/Lubotzky - 2010 - Discrete groups, expanding graphs and invariant measures.pdf:pdf},
	isbn = {978-3-0346-0331-7},
	mendeley-groups = {Books},
	pages = {iii+192},
	publisher = {Birkh{\"{a}}user Verlag, Basel},
	series = {Modern Birkh{\"{a}}user Classics},
	title = {{Discrete groups, expanding graphs and invariant measures}},
	url = {https://doi.org/10.1007/978-3-0346-0332-4},
	year = {2010},
	Bdsk-Url-1 = {https://doi.org/10.1007/978-3-0346-0332-4}}

@book {Stallings1971,
    AUTHOR = {Stallings, John},
     TITLE = {Group theory and three-dimensional manifolds},
      NOTE = {A James K. Whittemore Lecture in Mathematics given at Yale
              University, 1969,
              Yale Mathematical Monographs, 4},
 PUBLISHER = {Yale University Press, New Haven, Conn.-London},
      YEAR = {1971},
     PAGES = {v+65},
   MRCLASS = {57A10 (20E30)},
  MRNUMBER = {0415622},
MRREVIEWER = {Edward M. Bloomberg},
}

@article {Cornulier2011,
    AUTHOR = {Cornulier, Yves and Kar, Aditi},
     TITLE = {On property ({FA}) for wreath products},
   JOURNAL = {J. Group Theory},
  FJOURNAL = {Journal of Group Theory},
    VOLUME = {14},
      YEAR = {2011},
    NUMBER = {1},
     PAGES = {165--174},
      ISSN = {1433-5883},
   MRCLASS = {20E22 (20E08 20F05)},
  MRNUMBER = {2764930},
MRREVIEWER = {Peter A. Linnell},
       DOI = {10.1515/JGT.2010.044},
       URL = {https://doi.org/10.1515/JGT.2010.044},
}

@book{Bekka2008,
	author = {Bekka, Bachir and de la Harpe, Pierre and Valette, Alain},
	date-added = {2020-10-31 18:22:00 +0100},
	date-modified = {2020-10-31 18:22:00 +0100},
	file = {:Users/gregoireschneeberger/Dropbox/Math/0{\_}Mendeley/Bekka, de la Harpe, Valette/Bekka, de la Harpe, Valette - 2008 - Kazhdan's property ({\{}T{\}}).pdf:pdf},
	isbn = {978-0-521-88720-5},
	mendeley-groups = {Propri{\'{e}}t{\'{e}} (T),Books,Neuchatel,Property{\_}FW{\_}and{\_}wreath{\_}product},
	pages = {xiv+472},
	publisher = {Cambridge University Press, Cambridge},
	series = {New Mathematical Monographs},
	title = {{Kazhdan's property ({\{}T{\}})}},
	url = {https://doi.org/10.1017/CBO9780511542749},
	volume = {11},
	year = {2008},
	Bdsk-Url-1 = {https://doi.org/10.1017/CBO9780511542749}}

@article{Bandelt1984,
	abstract = {An induced subgraph G of a graph H is a retract of H if there is an edge‐preserving map f from H onto G such that f|G is the identity map on G. A median graph is a connected graph such that for any three vertices u,v and w, there exists a unique vertex x which lies simultaneously on some shortest (u,v)‐, (v,w)‐, and (w,u)‐paths. It is shown that a graph G is a retract of some hypercube if and only if G is a median graph. Copyright {\textcopyright} 1984 Wiley Periodicals, Inc., A Wiley Company},
	author = {Bandelt, H. J.},
	date-added = {2020-10-31 17:08:05 +0100},
	date-modified = {2020-10-31 17:08:05 +0100},
	doi = {10.1002/jgt.3190080407},
	issn = {10970118},
	journal = {J. Graph Theory},
	mendeley-groups = {Property{\_}FW{\_}and{\_}wreath{\_}product},
	number = {4},
	pages = {501--510},
	title = {{Retracts of hypercubes}},
	url = {http://doi.wiley.com/10.1002/jgt.3190080407},
	volume = {8},
	year = {1984},
	Bdsk-Url-1 = {http://doi.wiley.com/10.1002/jgt.3190080407},
	Bdsk-Url-2 = {https://doi.org/10.1002/jgt.3190080407}}

@article {Neuhauser2005a,
    AUTHOR = {Neuhauser, Markus},
     TITLE = {Relative property ({T}) and related properties of wreath
              products},
   JOURNAL = {Math. Z.},
  FJOURNAL = {Mathematische Zeitschrift},
    VOLUME = {251},
      YEAR = {2005},
    NUMBER = {1},
     PAGES = {167--177},
      ISSN = {0025-5874},
   MRCLASS = {20E22 (20F69 22D10 43A35)},
  MRNUMBER = {2176470},
MRREVIEWER = {Alain Valette},
       DOI = {10.1007/s00209-005-0794-9},
       URL = {https://doi.org/10.1007/s00209-005-0794-9},
}

@ARTICLE{Cornulier2013,
       author = {{Cornulier}, Yves},
        title = "{Group actions with commensurated subsets, wallings and cubings}",
      journal = {arXiv e-prints},
     keywords = {Mathematics - Group Theory, Mathematics - Geometric Topology, Primary 20F65, Secondary 20B25, 05C12, 20B27, 20E22},
         year = 2013,
        month = feb,
          eid = {arXiv:1302.5982},
        pages = {arXiv:1302.5982},
archivePrefix = {arXiv},
       eprint = {1302.5982},
 primaryClass = {math.GR},
       adsurl = {https://ui.adsabs.harvard.edu/abs/2013arXiv1302.5982C}
}

@article {Cherix2004,
    AUTHOR = {Cherix, Pierre-Alain and Martin, Florian and Valette, Alain},
     TITLE = {Spaces with measured walls, the {H}aagerup property and
              property ({T})},
   JOURNAL = {Ergodic Theory Dynam. Systems},
  FJOURNAL = {Ergodic Theory and Dynamical Systems},
    VOLUME = {24},
      YEAR = {2004},
    NUMBER = {6},
     PAGES = {1895--1908},
      ISSN = {0143-3857},
   MRCLASS = {22D05 (37A15)},
  MRNUMBER = {2106770},
MRREVIEWER = {A. Morimoto},
       DOI = {10.1017/S0143385704000185},
       URL = {https://doi.org/10.1017/S0143385704000185},
}

@article {Barnhill2008,
	AUTHOR = {Barnhill, Angela and Chatterji, Indira},
     TITLE = {Property ({T}) versus Property {FW}},
   JOURNAL = {Enseign. Math. (2)},
  FJOURNAL = {L'Enseignement Math\'{e}matique. Revue Internationale. 2e S\'{e}rie},
    VOLUME = {54},
      YEAR = {2008},
    NUMBER = {1-2},
     PAGES = {16--18},
      ISSN = {0013-8584},
   MRCLASS = {00A05 (00A07)},
  MRNUMBER = {2454697},
}

@book {DelaHarpe2000,
    AUTHOR = {de la Harpe, Pierre},
     TITLE = {Topics in geometric group theory},
    SERIES = {Chicago Lectures in Mathematics},
 PUBLISHER = {University of Chicago Press, Chicago, IL},
      YEAR = {2000},
     PAGES = {vi+310},
      ISBN = {0-226-31719-6; 0-226-31721-8},
   MRCLASS = {20F65 (20F69 57M07)},
  MRNUMBER = {1786869},
MRREVIEWER = {Lee Mosher},
}

@incollection {Moller1995,
    AUTHOR = {M\"{o}ller, R\"{o}gnvaldur G.},
     TITLE = {Groups acting on locally finite graphs---a survey of the
              infinitely ended case},
 BOOKTITLE = {Groups '93 {G}alway/{S}t. {A}ndrews, {V}ol. 2},
    SERIES = {London Math. Soc. Lecture Note Ser.},
    VOLUME = {212},
     PAGES = {426--456},
 PUBLISHER = {Cambridge Univ. Press, Cambridge},
      YEAR = {1995},
   MRCLASS = {05C25 (20B27)},
  MRNUMBER = {1337287},
MRREVIEWER = {S. C. Althoen},
       DOI = {10.1017/CBO9780511629297.011},
       URL = {https://doi.org/10.1017/CBO9780511629297.011},
}