%% This BibTeX bibliography file was created using BibDesk.
%% http://bibdesk.sourceforge.net/

%% Created for Gr√©goire Schneeberger at 2021-01-15 16:55:18 +0100 


%% Saved with string encoding Unicode (UTF-8)
@article {MR2316269,
    AUTHOR = {Bader, Uri and Furman, Alex and Gelander, Tsachik and Monod,
              Nicolas},
     TITLE = {Property ({T}) and rigidity for actions on {B}anach spaces},
   JOURNAL = {Acta Math.},
  FJOURNAL = {Acta Mathematica},
    VOLUME = {198},
      YEAR = {2007},
    NUMBER = {1},
     PAGES = {57--105},
      ISSN = {0001-5962},
   MRCLASS = {22D12 (22E41 37A15 46B04 46L99)},
  MRNUMBER = {2316269},
MRREVIEWER = {Alain Valette},
       DOI = {10.1007/s11511-007-0013-0},
       URL = {https://doi.org/10.1007/s11511-007-0013-0},
}

@article {MR1023471,
    AUTHOR = {de la Harpe, Pierre and Valette, Alain},
     TITLE = {La propri\'{e}t\'{e} {$(T)$} de {K}azhdan pour les groupes localement
              compacts (avec un appendice de {M}arc {B}urger)},
      NOTE = {With an appendix by M. Burger},
   JOURNAL = {Ast\'{e}risque},
  FJOURNAL = {Ast\'{e}risque},
    NUMBER = {175},
      YEAR = {1989},
     PAGES = {158},
      ISSN = {0303-1179},
   MRCLASS = {22-02 (05C99 22D10 22E99 28C10)},
  MRNUMBER = {1023471},
MRREVIEWER = {Michael Cowling},
}

@article {MR1663779,
    AUTHOR = {Gerasimov, V.},
     TITLE = {Fixed-point-free actions on cubings [translation of {\it
              {A}lgebra, geometry, analysis and mathematical physics
              ({R}ussian) ({N}ovosibirsk, 1996)}, 91--109, 190, {I}zdat.
              {R}oss. {A}kad. {N}auk {S}ibirsk. {O}tdel. {I}nst. {M}at.,
              {N}ovosibirsk, 1997; {MR}1624115 (99c:20049)]},
   JOURNAL = {Siberian Adv. Math.},
  FJOURNAL = {Siberian Advances in Mathematics},
    VOLUME = {8},
      YEAR = {1998},
    NUMBER = {3},
     PAGES = {36--58},
      ISSN = {1055-1344},
   MRCLASS = {20F32 (57M07)},
  MRNUMBER = {1663779},
}

@article {MR3465847,
    AUTHOR = {Minasyan, Ashot},
     TITLE = {New examples of groups acting on real trees},
   JOURNAL = {J. Topol.},
  FJOURNAL = {Journal of Topology},
    VOLUME = {9},
      YEAR = {2016},
    NUMBER = {1},
     PAGES = {192--214},
      ISSN = {1753-8416},
   MRCLASS = {20E08 (20F06 20F65)},
  MRNUMBER = {3465847},
MRREVIEWER = {Hao Liang},
       DOI = {10.1112/jtopol/jtv035},
       URL = {https://doi.org/10.1112/jtopol/jtv035},
}

@article {MR487104,
    AUTHOR = {Scott, Peter},
     TITLE = {Ends of pairs of groups},
   JOURNAL = {J. Pure Appl. Algebra},
  FJOURNAL = {Journal of Pure and Applied Algebra},
    VOLUME = {11},
      YEAR = {1977/78},
    NUMBER = {1-3},
     PAGES = {179--198},
      ISSN = {0022-4049},
   MRCLASS = {20F99},
  MRNUMBER = {487104},
MRREVIEWER = {Ross Geoghegan},
       DOI = {10.1016/0022-4049(77)90051-2},
       URL = {https://doi.org/10.1016/0022-4049(77)90051-2},
}

@article {MR2671183,
    AUTHOR = {Chatterji, Indira and Dru\c{t}u, Cornelia and Haglund, Fr\'{e}d\'{e}ric},
     TITLE = {Kazhdan and {H}aagerup properties from the median viewpoint},
   JOURNAL = {Adv. Math.},
  FJOURNAL = {Advances in Mathematics},
    VOLUME = {225},
      YEAR = {2010},
    NUMBER = {2},
     PAGES = {882--921},
      ISSN = {0001-8708},
   MRCLASS = {20F65 (20F50 20F67 46B04)},
  MRNUMBER = {2671183},
MRREVIEWER = {Alain Valette},
       DOI = {10.1016/j.aim.2010.03.012},
       URL = {https://doi.org/10.1016/j.aim.2010.03.012},
}

@article {MR3299841,
    AUTHOR = {Cornulier, Yves},
     TITLE = {Irreducible lattices, invariant means, and commensurating
              actions},
   JOURNAL = {Math. Z.},
  FJOURNAL = {Mathematische Zeitschrift},
    VOLUME = {279},
      YEAR = {2015},
    NUMBER = {1-2},
     PAGES = {1--26},
      ISSN = {0025-5874},
   MRCLASS = {43A07 (22E40)},
  MRNUMBER = {3299841},
MRREVIEWER = {Alain Valette},
       DOI = {10.1007/s00209-014-1355-x},
       URL = {https://doi.org/10.1007/s00209-014-1355-x},
}

@article {MR1432323,
    AUTHOR = {Niblo, Graham and Reeves, Lawrence},
     TITLE = {Groups acting on {${\rm CAT}(0)$} cube complexes},
   JOURNAL = {Geom. Topol.},
  FJOURNAL = {Geometry and Topology},
    VOLUME = {1},
      YEAR = {1997},
     PAGES = {approx. 7 pp.\},
      ISSN = {1465-3060},
   MRCLASS = {57M07 (20F32)},
  MRNUMBER = {1432323},
MRREVIEWER = {Philip L. Bowers},
       DOI = {10.2140/gt.1997.1.1},
       URL = {https://doi.org/10.2140/gt.1997.1.1},
}

@article {MR2240370,
    AUTHOR = {de Cornulier, Yves},
     TITLE = {Strongly bounded groups and infinite powers of finite groups},
   JOURNAL = {Comm. Algebra},
  FJOURNAL = {Communications in Algebra},
    VOLUME = {34},
      YEAR = {2006},
    NUMBER = {7},
     PAGES = {2337--2345},
      ISSN = {0092-7872},
   MRCLASS = {20F65 (06E10)},
  MRNUMBER = {2240370},
MRREVIEWER = {Piotr W. Nowak},
       DOI = {10.1080/00927870600550194},
       URL = {https://doi.org/10.1080/00927870600550194},
}

@ARTICLE{2017arXiv170500834G,
       author = {{Genevois}, Anthony},
        title = "{Lamplighter groups, median spaces, and a-T-menability}",
      journal = {arXiv e-prints},
     keywords = {Mathematics - Group Theory, Mathematics - Metric Geometry, 20F65, 20F67, 43A15},
         year = 2017,
        month = may,
          eid = {arXiv:1705.00834},
        pages = {arXiv:1705.00834},
archivePrefix = {arXiv},
       eprint = {1705.00834},
 primaryClass = {math.GR},
       adsurl = {https://ui.adsabs.harvard.edu/abs/2017arXiv170500834G},
      adsnote = {Provided by the SAO/NASA Astrophysics Data System}
}

@article{MR1705337,
	author = {Klav{\v{z}}ar, Sandi and Mulder, Henry Martyn},
	date-added = {2021-01-15 16:52:21 +0100},
	date-modified = {2021-01-15 16:52:43 +0100},
	issn = {0835-3026},
	journal = {J. Comb. Math. Comb. Comput.},
	mendeley-groups = {Property{\_}FW{\_}and{\_}wreath{\_}product/Article graph m{\'{e}}dian},
	pages = {103--127},
	title = {{Median graphs: characterizations, location theory and related structures}},
	volume = {30},
	year = {1999}}

@incollection{MR2405677,
	author = {Bandelt, Hans-J{\"{u}}rgen and Chepoi, Victor},
	booktitle = {Surv. Discret. Comput. Geom.},
	date-added = {2021-01-15 16:52:21 +0100},
	date-modified = {2021-01-15 16:52:29 +0100},
	doi = {10.1090/conm/453/08795},
	mendeley-groups = {Property{\_}FW{\_}and{\_}wreath{\_}product/Article graph m{\'{e}}dian},
	pages = {49--86},
	publisher = {Amer. Math. Soc., Providence, RI},
	series = {Contemp. Math.},
	title = {{Metric graph theory and geometry: a survey}},
	url = {https://doi.org/10.1090/conm/453/08795},
	volume = {453},
	year = {2008},
	Bdsk-Url-1 = {https://doi.org/10.1090/conm/453/08795}}

@book{MR0476875,
	author = {Serre, Jean-Pierre},
	mrclass = {20H10 (22E40)},
	mrnumber = {0476875 (57 \#16426)},
	mrreviewer = {E. Vinberg},
	note = {Avec un sommaire anglais, R{\'e}dig{\'e} avec la collaboration de Hyman Bass, Ast{\'e}risque, No. 46},
	pages = {189 pp. (1 plate)},
	publisher = {Soci{\'e}t{\'e} Math{\'e}matique de France, Paris},
	title = {Arbres, amalgames, {${\SL}_{2}$}},
	year = {1977}}

@article{LS2020,
	adsurl = {https://ui.adsabs.harvard.edu/abs/2021arXiv210103817L},
	archiveprefix = {arXiv},
	author = {{Leemann}, Paul-Henry and {Schneeberger}, Gr{\'e}goire},
	eid = {arXiv:2101.03817},
	eprint = {2101.03817},
	journal = {arXiv e-prints},
	keywords = {Mathematics - Group Theory},
	month = jan,
	pages = {arXiv:2101.03817},
	primaryclass = {math.GR},
	title = {{Property {FW} and wreath products of groups: a simple approach using Schreier graphs}},
	year = 2021}

@article{MR1213151,
	author = {Brick, Stephen G},
	date-added = {2021-01-08 09:28:00 +0100},
	date-modified = {2021-01-08 10:27:15 +0100},
	doi = {10.1016/0022-4049(93)90150-R},
	issn = {0022-4049},
	journal = {J. Pure Appl. Algebr.},
	number = {1},
	pages = {23--33},
	title = {{Quasi-isometries and ends of groups}},
	url = {https://doi.org/10.1016/0022-4049(93)90150-R},
	volume = {86},
	year = {1993},
	Bdsk-Url-1 = {https://doi.org/10.1016/0022-4049(93)90150-R}}

@unpublished{LS2021,
	author = {Leemann, Paul-Henry and Schneeberger, Gr{\'e}goire},
	title = {Groups acting with bounded orbits and wreath products},
	year = {In preparation}}

@article{MR1967888,
	author = {Diestel, Reinhard and K\"{u}hn, Daniela},
	doi = {10.1016/S0095-8956(02)00034-5},
	fjournal = {Journal of Combinatorial Theory. Series B},
	issn = {0095-8956},
	journal = {J. Combin. Theory Ser. B},
	mrclass = {05C99 (54F50)},
	mrnumber = {1967888},
	mrreviewer = {Jozef \v{S}ir\'{a}\v{n}},
	note = {Dedicated to Crispin St. J. A. Nash-Williams},
	number = {1},
	pages = {197--206},
	title = {Graph-theoretical versus topological ends of graphs},
	url = {https://doi.org/10.1016/S0095-8956(02)00034-5},
	volume = {87},
	year = {2003},
	Bdsk-Url-1 = {https://doi.org/10.1016/S0095-8956(02)00034-5}}

@article{MR0450121,
	author = {Gross, Jonathan L.},
	fjournal = {Journal of Combinatorial Theory. Series B},
	journal = {J. Combinatorial Theory Ser. B},
	mrclass = {05C25},
	mrnumber = {0450121},
	mrreviewer = {A. T. White},
	number = {3},
	pages = {227--232},
	title = {Every connected regular graph of even degree is a {S}chreier coset graph},
	volume = {22},
	year = {1977}}

@incollection{MR1358635,
	author = {Lubotzky, Alexander},
	booktitle = {Surveys in combinatorics, 1995 ({S}tirling)},
	doi = {10.1017/CBO9780511662096.008},
	mrclass = {05C25 (15A18 60J15 68R10)},
	mrnumber = {1358635},
	mrreviewer = {Daniel Ashlock},
	pages = {155--189},
	publisher = {Cambridge Univ. Press, Cambridge},
	series = {London Math. Soc. Lecture Note Ser.},
	title = {Cayley graphs: eigenvalues, expanders and random walks},
	url = {https://doi.org/10.1017/CBO9780511662096.008},
	volume = {218},
	year = {1995},
	Bdsk-Url-1 = {https://doi.org/10.1017/CBO9780511662096.008}}

@article{Leemann2020,
	abstract = {We prove that every connected locally finite regular graph has a double cover which is isomorphic to a Schreier graph.},
	archiveprefix = {arXiv},
	arxivid = {2010.06431},
	author = {Leemann, Paul-Henry},
	date-added = {2021-01-06 19:55:31 +0100},
	date-modified = {2021-01-08 10:27:44 +0100},
	eprint = {2010.06431},
	mendeley-groups = {Property{\_}FW{\_}and{\_}wreath{\_}product},
	month = {oct},
	title = {{Up to a double cover, every regular connected graph is isomorphic to a Schreier graph. (arXiv:2010.06431v1 [math.CO])}},
	url = {http://arxiv.org/abs/2010.06431},
	year = {2020},
	Bdsk-Url-1 = {http://arxiv.org/abs/2010.06431}}

@book{Lubotzky2010,
	annote = {With an appendix by Jonathan D. Rogawski,
Reprint of the 1994 edition},
	author = {Lubotzky, Alexander},
	date-added = {2021-01-06 19:52:47 +0100},
	date-modified = {2021-01-08 10:27:32 +0100},
	doi = {10.1007/978-3-0346-0332-4},
	isbn = {978-3-0346-0331-7},
	mendeley-groups = {Books},
	pages = {iii+192},
	publisher = {Birkh{\"{a}}user Verlag, Basel},
	series = {Modern Birkh{\"{a}}user Classics},
	title = {{Discrete groups, expanding graphs and invariant measures}},
	url = {https://doi.org/10.1007/978-3-0346-0332-4},
	year = {2010},
	Bdsk-Url-1 = {https://doi.org/10.1007/978-3-0346-0332-4}}

@book{Stallings1971,
	author = {Stallings, John},
	mrclass = {57A10 (20E30)},
	mrnumber = {0415622},
	mrreviewer = {Edward M. Bloomberg},
	note = {A James K. Whittemore Lecture in Mathematics given at Yale University, 1969, Yale Mathematical Monographs, 4},
	pages = {v+65},
	publisher = {Yale University Press, New Haven, Conn.-London},
	title = {Group theory and three-dimensional manifolds},
	year = {1971}}

@article{Cornulier2011,
	author = {Cornulier, Yves and Kar, Aditi},
	doi = {10.1515/JGT.2010.044},
	fjournal = {Journal of Group Theory},
	issn = {1433-5883},
	journal = {J. Group Theory},
	mrclass = {20E22 (20E08 20F05)},
	mrnumber = {2764930},
	mrreviewer = {Peter A. Linnell},
	number = {1},
	pages = {165--174},
	title = {On property ({FA}) for wreath products},
	url = {https://doi.org/10.1515/JGT.2010.044},
	volume = {14},
	year = {2011},
	Bdsk-Url-1 = {https://doi.org/10.1515/JGT.2010.044}}

@book {Bekka2008,
    AUTHOR = {Bekka, Bachir and de la Harpe, Pierre and Valette, Alain},
     TITLE = {Kazhdan's property ({T})},
    SERIES = {New Mathematical Monographs},
    VOLUME = {11},
 PUBLISHER = {Cambridge University Press, Cambridge},
      YEAR = {2008},
     PAGES = {xiv+472},
      ISBN = {978-0-521-88720-5},
   MRCLASS = {22-02 (22E40 28D15 37A15 43A07 43A35)},
  MRNUMBER = {2415834},
MRREVIEWER = {Markus Neuhauser},
       DOI = {10.1017/CBO9780511542749},
       URL = {https://doi.org/10.1017/CBO9780511542749},
}

@article {Bandelt1984,
    AUTHOR = {Bandelt, Hans-J{\"{u}}rgen},
     TITLE = {Retracts of hypercubes},
   JOURNAL = {J. Graph Theory},
  FJOURNAL = {Journal of Graph Theory},
    VOLUME = {8},
      YEAR = {1984},
    NUMBER = {4},
     PAGES = {501--510},
      ISSN = {0364-9024},
   MRCLASS = {05C99},
  MRNUMBER = {766499},
MRREVIEWER = {Henry Martyn Mulder},
       DOI = {10.1002/jgt.3190080407},
       URL = {https://doi.org/10.1002/jgt.3190080407},
}

@article{Neuhauser2005a,
	author = {Neuhauser, Markus},
	doi = {10.1007/s00209-005-0794-9},
	fjournal = {Mathematische Zeitschrift},
	issn = {0025-5874},
	journal = {Math. Z.},
	mrclass = {20E22 (20F69 22D10 43A35)},
	mrnumber = {2176470},
	mrreviewer = {Alain Valette},
	number = {1},
	pages = {167--177},
	title = {Relative property ({T}) and related properties of wreath products},
	url = {https://doi.org/10.1007/s00209-005-0794-9},
	volume = {251},
	year = {2005},
	Bdsk-Url-1 = {https://doi.org/10.1007/s00209-005-0794-9}}

@article{Cornulier2013,
	adsurl = {https://ui.adsabs.harvard.edu/abs/2013arXiv1302.5982C},
	archiveprefix = {arXiv},
	author = {{Cornulier}, Yves},
	eid = {arXiv:1302.5982},
	eprint = {1302.5982},
	journal = {arXiv e-prints},
	keywords = {Mathematics - Group Theory, Mathematics - Geometric Topology, Primary 20F65, Secondary 20B25, 05C12, 20B27, 20E22},
	month = feb,
	pages = {arXiv:1302.5982},
	primaryclass = {math.GR},
	title = {{Group actions with commensurated subsets, wallings and cubings}},
	year = 2013}

@article{Cherix2004,
	author = {Cherix, Pierre-Alain and Martin, Florian and Valette, Alain},
	doi = {10.1017/S0143385704000185},
	fjournal = {Ergodic Theory and Dynamical Systems},
	issn = {0143-3857},
	journal = {Ergodic Theory Dynam. Systems},
	mrclass = {22D05 (37A15)},
	mrnumber = {2106770},
	mrreviewer = {A. Morimoto},
	number = {6},
	pages = {1895--1908},
	title = {Spaces with measured walls, the {H}aagerup property and property ({T})},
	url = {https://doi.org/10.1017/S0143385704000185},
	volume = {24},
	year = {2004},
	Bdsk-Url-1 = {https://doi.org/10.1017/S0143385704000185}}

@article{Barnhill2008,
	author = {Barnhill, Angela and Chatterji, Indira},
	fjournal = {L'Enseignement Math\'{e}matique. Revue Internationale. 2e S\'{e}rie},
	issn = {0013-8584},
	journal = {Enseign. Math. (2)},
	mrclass = {00A05 (00A07)},
	mrnumber = {2454697},
	number = {1-2},
	pages = {16--18},
	title = {Property ({T}) versus Property {FW}},
	volume = {54},
	year = {2008}}

@book{DelaHarpe2000,
	author = {de la Harpe, Pierre},
	isbn = {0-226-31719-6; 0-226-31721-8},
	mrclass = {20F65 (20F69 57M07)},
	mrnumber = {1786869},
	mrreviewer = {Lee Mosher},
	pages = {vi+310},
	publisher = {University of Chicago Press, Chicago, IL},
	series = {Chicago Lectures in Mathematics},
	title = {Topics in geometric group theory},
	year = {2000}}

@incollection{Moller1995,
	author = {M\"{o}ller, R\"{o}gnvaldur G.},
	booktitle = {Groups '93 {G}alway/{S}t. {A}ndrews, {V}ol. 2},
	doi = {10.1017/CBO9780511629297.011},
	mrclass = {05C25 (20B27)},
	mrnumber = {1337287},
	mrreviewer = {S. C. Althoen},
	pages = {426--456},
	publisher = {Cambridge Univ. Press, Cambridge},
	series = {London Math. Soc. Lecture Note Ser.},
	title = {Groups acting on locally finite graphs---a survey of the infinitely ended case},
	url = {https://doi.org/10.1017/CBO9780511629297.011},
	volume = {212},
	year = {1995},
	Bdsk-Url-1 = {https://doi.org/10.1017/CBO9780511629297.011}}
